<?xml version="1.0" encoding="UTF-8"?><collection xmlns="http://www.loc.gov/MARC21/slim"><record><leader>00380nam--2200121-i-4500</leader><controlfield tag="001">000032141</controlfield><controlfield tag="002">20161230</controlfield><controlfield tag="005">20161230201039</controlfield><controlfield tag="008">060222s1000------------r-----000-0-eng-d</controlfield><datafield ind1=" " ind2=" " tag="080"><subfield code="a">621.039.58</subfield></datafield><datafield ind1=" " ind2=" " tag="245"><subfield code="a">Mesures mobiles de radioprotection alentour des centrales nucleaire e.d.f</subfield></datafield><datafield ind1=" " ind2=" " tag="260"><subfield code="a">Paris, Electricite De France, Service General De Radioprotection, 1965. 32p</subfield></datafield><datafield ind1=" " ind2=" " tag="852"><subfield code="a">28610</subfield></datafield></record></collection>